
% Multiversion B-tree (MVBT)
@article{Dubinsky,
  author    = { Alan J. Dubinsky},
  title     = {A Factor Analytic Study of the Personal Selling Process},
  journal   = {Journal of Personal Selling & Sales Management},
  volume    = 1,

  year      = 1980/81,
  pages     = {26-33}
}
@article{Moncrief,
  author    = {William C. Moncrief and Greg W. Marshall},
  title     = {The Evolution of the Seven Steps of Selling},
  volume    = 34,

  year      = 2005,
  pages     = {13-22}
}

@book{Jobber,
    author    = {David Jobber and Geoff Lancaster},
    title     = {Selling and Sales Management},
    publisher = {Prentice Hall},
    %volume   = "",
    %number   = "",
    %series   = "",
    %address  = "",
    %edition  = "",
    year      = "2009",
    %month    = "",
    %note     = "",
}

@book{Eades,
    author    = {Keith M. Eades and Robert E. Kear},
    title     = {The Solution Centric Organisation},
    publisher = {McGraw-Hill},
    %volume   = "",
    %number   = "",
    %series   = "",
    %address  = "",
    %edition  = "",
    year      = "2006",
    %month    = "",
    %note     = "",
    }
@article{Sharma,
  author    = {Arun Sharma and Gopalkrishnan R. Iyer and Heiner Evanschitzky},
  title     = {Personal Selling of High-Technology Products: The Solution Selling Imperative},
  journal   = {Journal of Relationship Marketing},
  volume    = 7,
  number    = 3,
  year      = 2008,
  pages     = {287-308}
  }


@article{Shah,
  author    = {Denish Shah and Roland T. Rust and A. Parasuraman and Richard Staelin and George S. Day},
  title     = {The Path to Customer Centricity},
  journal   = {Journal of Service Research},
  volume    = 9,
  number    = 2,
  year      = 2006,
  pages     = {113-124}
  }
@article{Adamson,
  author    = {Brent Adamson and Matthiew Dixon and Nicholas Toman},
  title     = {End of Solution Sales},
  journal   = {Harvard Business Review},
  volume    = ,
  number    = ,
  year      = 2012,
  pages     = {60-68}
  }  
  
  @article{Bolton,
  author    = {Mike Bolton},
  title     = {Customer Centric Business Processing},
  journal   = {International Journal of Productivity and Performance Management},
  volume    = 53,
  number    = 1,
  year      = 2004,
  pages     = {44-51}
  }

@article{Verville,
  author    = {Jacques Verville and Alannah Halingten},
  title     = {A six-stage model of the buying process for ERP software},
  journal   = {Industrial Marketing Management},
  volume    = 32,
  number    = ,
  year      = 2002,
  pages     = {585-594}
  }

@article{Lewin,
  author    = {Jeffrey E. Lewin and Naveen Donthu},
  title     = {The influence of purchase situation on buying center structure and involvement: a select meta-analysis of organizational buying behavior research},
  journal   = {Journal of Business Research},
  volume    = 58,
  number    = ,
  year      = 2005,
  pages     = {1381-1390}
  }

@misc{ipdcforum_def,
  title =	 {About {IP} Datacasting - Overview},
  author =	 {{IPDC} Forum},
  year =     {2004},
  note =	 {{WWW} page of the IPDC Forum:
                  \url{http://www.bmcoforum.org/index.php?id=6}. Accessed
                   18 Feb 2004.}
}

@misc{RFC3550,
  author =	 {H. Schulzrinne and S. Casner and R. Frederic and
                  V. Jacobson},
  title =	 {{RFC} 3550: {RTP}: A Transport Protocol for Real-Time
                  Applications},
  insitution =	 {{IETF}},
  year =	 2003,
  month =	 {Jul},
  note =	 {Status: DRAFT STANDARD}
}

@techreport{IDReqNom03,
  author =	 {Y. Nomura and R. Walsh and J. Ott and
                  H. Schulzrinne},
  title =	 {Protocol Requirements for Internet Media Guides},
  institution =	 {{IETF}},
  year =	 {2003},
  type =	 {Internet Draft},
  month =	 {Dec},
  note =	 {Work in progress. Expires June, 2004},
  description =	 {Now (Oct 2003) it seems as if the Electronic Service
                  Guide ESG used in IP Datacasting will be based on
                  IMG},
  abstract =	 {This memo specifies requirements for a protocol for
                  accessing and updating Internet Media Guide (IMG)
                  information for media-on-demand and multicast
                  applications. These requirements are designed to
                  guide development of an IMG protocol for efficient
                  and scalable delivery.},
  url =           {http://www.ietf.org/internet-drafts/draft-ietf-mmusic-img-req-02.txt}
}

@techreport{FerryProblem,
  author =	 {Mika G��s and Tuukka Haapasalo and Leo Moisio},
  title =	 {Finding Hard Instances of the Ferry Problem},
  institution =	{Aalto {SCI}},
  year =	 {2010},
  type =	 {Course Report for the course {T-79.5203/S-72.2420} {G}raph Theory}
}

@phdthesis{HaapasaloThesis,
  author    = {Tuukka Haapasalo},
  title     = {Accessing Multiversion Data in Database Transactions},
  year      = {2010},
  school    = {Department of Computer Science and Engineering, Aalto University School of Science and Technology, Espoo, Finland},
  note      = {\url{http://lib.tkk.fi/Diss/2010/isbn9789526033600/}}
}

@misc{ThesisInstructions,
  author =   {{Aalto-yliopisto, Degree programme of Computer Science and Engineering}},
  title =    {Instruction pages: Diplomity�},
  year =     {2010},
  note =     {\url{http://information.tkk.fi/fi/opinnot/tietotekniikka/diplomityo/} (in Finnish),
              \url{http://information.tkk.fi/en/studies/cse/thesis/} (in English). Accessed 9.2.2011}
}

@misc{ThesisGrading,
  author =	 {{Aalto University, Helsinki University of Technology, Committee on Academic Affairs}},
  title =	 {Guidelines for Master's Thesis Evaluation},
  month =	 {December 4},
  year =	 2008,
  note =          {\url{http://www.tkk.fi/fi/opinnot/opintohallinto/paatokset/guidelinemastersthesisevaluation.pdf}
                  (in English), \url{http://www.tkk.fi/fi/opinnot/opintohallinto/paatokset/diplomityoarviointiohje.pdf}
                  (in Finnish).}
}

@misc{TeXLive,
  author =   {{TeX Users Group}},
  title =    {{TeX Live}},
  year =     {2010},
  note =     {\url{http://www.tug.org/texlive/}. Accessed 25.2.2011.}
}

@misc{MiKTeX,
  author =   {{Christian Schenk}},
  title =    {{MiKTeX}},
  year =     {2010},
  note =     {\url{http://miktex.org/}. Accessed 25.2.2011.}
}


@misc{TeXlipse,
  author =   {Taavi Hupponen and Kimmo Karlsson and Jani Laitinen and Oskar Ojala and Antti Pirinen and Esa Seuranen and Laura Takkinen and von Loesch, Boris and Vestb�, Tor Arne},
  title =    {{TeXlipse plugin for {E}clipse}},
  year =     {2010},
  note =     {\url{http://texlipse.sourceforge.net/}. Accessed 25.2.2011.}
}

@misc{Eclipse,
  author =   {{The Eclipse Foundation}},
  title =    {{Eclipse}},
  year =     {2011},
  note =     {\url{http://eclipse.org/}. Accessed 25.2.2011.}
}



@Misc{bibinstructions,
  author =	 {{Aalto University Library}},
  title =	 {Making a bibliography},
  howpublished = {webpage},
  month =	 {March 2},
  year =	 2011,
  note =     {\url{http://otalib.aalto.fi/en/instructions/guides/citations/bibliography/}. Accessed
                  4.2.2011},
  annote =	 {Introduction how to make bibliography either with
                  Harvard or Vancouver style}
}

@Misc{howfindinfo,
  author =	 {{Aalto University Library}},
  howpublished = {webpage},
  month =	 {March 2},
  year =	 2011,
  note =	 {How to find - brief guide to finding
                  publications and information. Accessed 4.3.2011},
  annote =	 {Introduction where in the library systems different
                  kind of publications are stored}
}

% Multiversion B-tree (MVBT)
@article{becker:1996:mvbt,
  author    = {B. Becker and S. Gschwind and T. Ohler and Bernhard Seeger and Peter Widmayer},
  title     = {{An asymptotically optimal multiversion B-tree}},
  journal   = {The VLDB Journal},
  volume    = 5,
  number    = 4,
  year      = 1996,
  pages     = {264--275}
}

% Transactional multiversion B-tree
@inproceedings{haapasalo:2009:tmvbt,
  author    = {Tuukka Haapasalo and Ibrahim Jaluta and Bernhard Seeger and Seppo Sippu and Eljas Soisalon-Soininen},
  title     = {Transactions on the multiversion {B$^+$}-tree},
  year      = {2009},
  booktitle = {Proceedings of the 12th Conference in Extending Database Technology},
  pages     = {1064--1075}
}
